@inproceedings{DBLP:conf/kbse/FalleriMBMM14,
  author    = {Jean{-}R{\'{e}}my Falleri and
               Flor{\'{e}}al Morandat and
               Xavier Blanc and
               Matias Martinez and
               Martin Monperrus},
  title     = {Fine-grained and accurate source code differencing},
  booktitle = {{ACM/IEEE} International Conference on Automated Software Engineering,
               {ASE} '14, Vasteras, Sweden - September 15 - 19, 2014},
  pages     = {313--324},
  year      = {2014},
  url       = {http://doi.acm.org/10.1145/2642937.2642982},
  doi       = {10.1145/2642937.2642982}
}

@misc{GumTree,
  title = {GumTree},
  note = {on-line at \url{https://github.com/GumTreeDiff/gumtree}}
}

@misc{JDT,
  title = {Eclipse JDT API},
  note = {on-line at \url{https://help.eclipse.org/neon/index.jsp?topic=%2Forg.eclipse.jdt.doc.isv%2Freference%2Fapi%2Forg%2Feclipse%2Fjdt%2Fcore%2Fdom%2FASTVisitor.html}},
  author = {The Eclipse Foundation}
}
